<?xml version="1.0" encoding="UTF-8"?><collection xmlns="http://www.loc.gov/MARC21/slim"><record><leader>00548nam--2200193-i-4500</leader><controlfield tag="001">000018916</controlfield><controlfield tag="002">20161230</controlfield><controlfield tag="005">20161230201032</controlfield><controlfield tag="008">060222s1000------------r-----000-0-ger-d</controlfield><datafield ind1=" " ind2=" " tag="040"><subfield code="a">IFIN-HH</subfield></datafield><datafield ind1=" " ind2=" " tag="041"><subfield code="a">ger</subfield></datafield><datafield ind1=" " ind2=" " tag="080"><subfield code="a">539.14</subfield></datafield><datafield ind1="1" ind2=" " tag="100"><subfield code="a">Eder, Gernot</subfield></datafield><datafield ind1="1" ind2="0" tag="245"><subfield code="a">Kernkrafte</subfield><subfield code="b">Einfuhrung in die theoretische kernphysik</subfield><subfield code="c">Gernot eder</subfield></datafield><datafield ind1=" " ind2=" " tag="260"><subfield code="a">Karlshruhe</subfield><subfield code="b">Verlag G.Braun</subfield><subfield code="c">1965</subfield></datafield><datafield ind1=" " ind2=" " tag="300"><subfield code="a">VIII + 342 P. MIT 41 BILDERN UND 8 TABELLEN</subfield></datafield><datafield ind1=" " ind2=" " tag="490"><subfield code="a">Wissenschaftliche Bucherei</subfield></datafield><datafield ind1=" " ind2=" " tag="852"><subfield code="a">25181</subfield><subfield code="c">539.14</subfield></datafield><datafield ind1=" " ind2=" " tag="CAT"><subfield code="a">Sys</subfield><subfield code="c">20120323</subfield><subfield code="h">141933</subfield></datafield></record></collection>